@Article{Merelo2016:repominingANON,
  author = 	 {Same A. Uthors},
  title = 	 {Some Title With All Caps},
  journal = 	 {Journal of Studies that Study Stuff},
  year = 	 2016}

@Article{merelo16:slashANON,
  author = 	 {Same A. Uthors},
  title = 	 {Some Other Title With All Caps Too},
  journal = 	 {Journal of Studies that Study Stuff},
  year = 	 2016}

@Article{merelo16:selfANON,
  author = 	 {Same A. Uthors},
  title = 	 {Yet Another Title With All Caps Too},
  journal = 	 {Journal of Studies that Study Other Stuff},
  year = 	 2016}
