@book{herraiz2009statistical,
  title={A statistical examination of the evolution and properties of libre software},
  author={Herraiz, Israel},
  year={2009},
  publisher={Lulu. com}
}

@article{neamtiu2013towards,
  title={Towards a better understanding of software evolution: an empirical study on open-source software},
  author={Neamtiu, Iulian and Xie, Guowu and Chen, Jianbo},
  journal={Journal of Software: Evolution and Process},
  volume={25},
  number={3},
  pages={193--218},
  year={2013},
  publisher={Wiley Online Library}
}

@inproceedings{serebrenik2010theil,
  title={Theil index for aggregation of software metrics values},
  author={Serebrenik, Alexander and van den Brand, Mark},
  booktitle={Software Maintenance (ICSM), 2010 IEEE International Conference on},
  pages={1--9},
  year={2010},
  organization={IEEE}
}
